@PREAMBLE{ "\newcommand{\noopsort}[1]{} "
        # "\newcommand{\printfirst}[2]{#1} "
        # "\newcommand{\singleletter}[1]{#1} "
        # "\newcommand{\switchargs}[2]{#2#1} " }
@BOOK {samara:2008,
    author    = "Samara, Timothy",
    title     = "Grafický design : základní pravidla a způsoby jejich porušování",
    publisher = "Slovart",
    year      = "2008",
    address   = "{Praha}",
    isbn      = "978-80-7391-030-3",
}
@BOOK {Tholenaar:2010,
    author    = "Tholenaar, Jan",
    title     = "Type : a visual history of typefaces and graphic styles",
    publisher = "Taschen",
    year      = "2010",
    address   = "Köln",
    isbn      = "978-3-8365-1101-8",
}
@BOOK {Beran:2012,
    author    = "Beran, Vladimír",
    title     = "Aktualizovaný typografický manuál",
    publisher = "Kafka design",
    year      = "2012",
    address   = "Praha",
    edition   = "6",
    isbn      = "978-80-260-7606-3",
}
@BOOK {Storm:2008,
    author    = "Štorm, František",
    title     = "Eseje o typografii",
    publisher = "Společnost pro Revolver Revue",
    year      = "2008",
    address   = "Praha",
    edition   = "Revolver Revue",
    isbn      = "978-80-87037-15-7",
}
@BOOK {Gill:2014,
    author    = "Gill, Eric",
    title     = "Esej o typografii",
    publisher = "Rubato",
    year      = "2014",
    address   = "Praha",
    isbn      = "978-80-87705-14-8",
}
@ONLINE{Butterick:2010,
    author    = "Butterick, Matthew",
    title     = "What is good typography?",
    year      = 2010,
    cited     = "13.\,4.\,2016",
    publisher = "Matthew Butterick",
    url       = "http://practicaltypography.com/what-is-good-typography.html"
}
@ONLINE{Kyrnin:2016,
    author    = "Kyrnin, Jennifer",
    title     = "Web Typography Mistakes",
    cited     = "13.\,4.\,2016",
    year      = 2016,
    publisher = "About, Inc",
    url       = "http://webdesign.about.com/od/fonts/tp/web-typography-mistakes.htm"
}
@ONLINE{Johnson:2015,
    author    = "Johnson, Joshua",
    title     = "8 Rules for Creating Effective Typography",
    cited     = "13.\,4.\,2016",
    year      = 2015,
    publisher = "Design Shack",
    url       = "http://bit.ly/23TzIiW"
}
@BACHELORTHESIS{Cecetka:2010,
    author  = "Čečetka, Michael",
    title   = "Typografie na webech malých podniků",
    address = "Praha",
    year    = 2010,
    school  = "Vysoká škola ekonomická v Praze",
    type    = "Bakalářská práce",
    url     = "http://www.vse.cz/vskp/id/1115192",
    note    = "Vedoucí práce Gála, L."
}
@MASTERSTHESIS{Gawin:2011,
    author  = "Gawin, Marta",
    title   = "Visual ID System for the Structure for the Polish Government Administration",
    address = "Katowice",
    year    = 2011,
    school  = "Academy of Fine Arts in Katowice -- Design Department",
    type    = "Diplomová práce",
    url     = "https://issuu.com/martagawin/docs/system",
    note    = "Vedoucí práce Bierkowski, T."
}
@ARTICLE{Krc:2012,
  author  = "Krč, Jakub",
  title   = "Práce grafika je služba",
  journal = "TYPO",
  year    = 2012,
  month   = "zima",
  volume  = "č. 50",
  issn    = "1214-0716"
}
@ARTICLE{Pecina:2012,
  author  = "Pecina, Martin",
  title   = "Vizuální styl polské státní správy",
  journal = "TYPO",
  year    = 2012,
  month   = "jaro",
  volume  = "č. 47",
  issn    = "1214-0716"
}
@ARTICLE{Deleatur:2012,
  journal = "\textsc{Deleatur}",
  year    = 1999,
  volume  = "č. 6",
  issn    = "1211-8540"
}